

@TechReport{mell62011,
author = {Mell  Peter and Grance Timothy},
title = {Recommendations of the National Institute of Standards and Technology},
institution = {National Institute of Standards \& Technology (NIST), USA},
year = {2011},
}
@article{fernandes2014security,
  title={Security issues in cloud environments: a survey},
  author={Fernandes, Diogo AB and Soares, Liliana FB and Gomes, Jo{\~a}o V and Freire, M{\'a}rio M and In{\'a}cio, Pedro RM},
  journal={International Journal of Information Security},
  volume={13},
  number={2},
  pages={113--170},
  year={2014},
  publisher={Springer}
}
@article{de2019cyber,
  title={Cyber-Storms Come from Clouds: Security of Cloud Computing in the IoT Era},
  author={De Donno, Michele and Giaretta, Alberto and Dragoni, Nicola and Bucchiarone, Antonio and Mazzara, Manuel},
  journal={Future Internet},
  volume={11},
  number={6},
  pages={127},
  year={2019},
  publisher={Multidisciplinary Digital Publishing Institute}
}

@article{linthicum2017connecting,
  title={Connecting fog and cloud computing},
  author={Linthicum, David S},
  journal={IEEE Cloud Computing},
  volume={4},
  number={2},
  pages={18--20},
  year={2017},
  publisher={IEEE}
}
@article{shen2017block,
  title={Block design-based key agreement for group data sharing in cloud computing},
  author={Shen, Jian and Zhou, Tianqi and He, Debiao and Zhang, Yuexin and Sun, Xingming and Xiang, Yang},
  journal={IEEE Transactions on Dependable and Secure Computing},
  year={2017},
  publisher={IEEE}
}
@article{shirazi2017extended,
  title={The extended cloud: Review and analysis of mobile edge computing and fog from a security and resilience perspective},
  author={Shirazi, Syed Noorulhassan and Gouglidis, Antonios and Farshad, Arsham and Hutchison, David},
  journal={IEEE Journal on Selected Areas in Communications},
  volume={35},
  number={11},
  pages={2586--2595},
  year={2017},
  publisher={IEEE}
}
@article{kolias2017ddos,
  title={DDoS in the IoT: Mirai and other botnets},
  author={Kolias, Constantinos and Kambourakis, Georgios and Stavrou, Angelos and Voas, Jeffrey},
  journal={Computer},
  volume={50},
  number={7},
  pages={80--84},
  year={2017},
  publisher={IEEE}
}
@link{microsf41,
title={Microsoft way of detecting threats},
url={https://docs.microsoft.com/en-us/azure/security-center/security-center-alerts-overview}
}
@link{mslinks2,
title={Cloud Smart Alert Correlation in Azure Security Centre},
url={https://docs.microsoft.com/en-us/azure/security-center/security-center-alerts-cloud-smart}
}
@link{amazon2,
title={Amazon Guard Duty},
url={https://aws.amazon.com/guardduty/}
}
@link{google31,
title={Forsetti Intelligent Agents},
url={https://cloud.google.com/solutions/partners/forseti-firewall-rules-anomalies}
}
@web{cloud33,
title={Sample Cloud Image},
url={https://en.wikipedia.org/wiki/Cloud_computing#/media/File:Cloud_computing.svg}
}